%% Images?

%% Websites
@Misc{goblint,
  author = {},
  title = {{The Goblint Analyzer}},
  howpublished = {\url{http://goblint.in.tum.de/}},
  year = {2011}
}

@Misc{sloc,
  title = {Source lines of code},
  organization = {Wikipedia},
  howpublished = {\url{http://en.wikipedia.org/wiki/Source_lines_of_code}},
  year = {2011}
}

@Misc{opiat,
  title = {{OpIAT}},
  organization = {},
  howpublished = {\url{http://www2.in.tum.de/hp/Main?nid=179}},
  year = {2011}
}

@Misc{ocaml,
  title = {{The Caml language}},
  organization = {INRIA},
  howpublished = {\url{http://caml.inria.fr/}},
  year = {2011}
}

@Misc{cil,
  title = {{CIL - Infrastructure for C Program Analysis and Transformation}},
  organization = {},
  howpublished = {\url{http://www.eecs.berkeley.edu/~necula/cil/}},
  year = {2011}
}

%% CIL Paper
@inproceedings{Necula:2002:CIL:647478.727796,
 author = {Necula, George C. and McPeak, Scott and Rahul, Shree Prakash and Weimer, Westley},
 title = {CIL: Intermediate Language and Tools for Analysis and Transformation of C Programs},
 booktitle = {Proceedings of the 11th International Conference on Compiler Construction},
 series = {CC '02},
 year = {2002},
 isbn = {3-540-43369-4},
 pages = {213--228},
 numpages = {16},
 url = {http://dl.acm.org/citation.cfm?id=647478.727796},
 acmid = {727796},
 publisher = {Springer-Verlag},
 address = {London, UK},
} 


%% gimmicks
@article{Dowson:1997:ASF:251880.251992,
 author = {Dowson, Mark},
 title = {The Ariane 5 software failure},
 journal = {SIGSOFT Softw. Eng. Notes},
 volume = {22},
 issue = {2},
 month = {March},
 year = {1997},
 issn = {0163-5948},
 pages = {84--},
 url = {http://doi.acm.org/10.1145/251880.251992},
 doi = {http://doi.acm.org/10.1145/251880.251992},
 acmid = {251992},
 publisher = {ACM},
 address = {New York, NY, USA},
} 


%% Goblint
@phdthesis{Vojdani10Thesis,
  author = {Vesal Vojdani},
  title = {Static {D}ata {R}ace {A}nalysis of {H}eap-{M}anipulating {C} {P}rograms},
  school = {University of Tartu.},
  month = {December},
  year = 2010,
}

@proceedings{goblint.pdf,
    author = {Vojdani, V. and Vene, V.},
    booktitle = {Annales Univ. Sci. Budapest., Sect. Comp},
    citeulike-article-id = {6819491},
    comment = {Added to JabRef: 2010.02.25},
    pages = {141--155},
    posted-at = {2010-03-12 07:20:18},
    priority = {2},
    title = {{Goblint: Path-sensitive data race analysis}},
    volume = {30},
    year = {2009}
}

@inproceedings{Seidl:2009:RAR:1615441.1615456,
 author = {Seidl, Helmut and Vojdani, Vesal},
 title = {{Region Analysis for Race Detection}},
 booktitle = {Proceedings of the 16th International Symposium on Static Analysis},
 series = {SAS '09},
 year = {2009},
 isbn = {978-3-642-03236-3},
 location = {Los Angeles, CA},
 pages = {171--187},
 numpages = {17},
 url = {http://dx.doi.org/10.1007/978-3-642-03237-0_13},
 doi = {http://dx.doi.org/10.1007/978-3-642-03237-0_13},
 acmid = {1615456},
 publisher = {Springer-Verlag},
 address = {Berlin, Heidelberg},
}

@inbook{Sharir:1981:CallStrings,
    address = {Englewood Cliffs, NJ},
    author = {Sharir, Micha and Pnueli, Amir},
    booktitle = {Program Flow Analysis: Theory and Applications},
    chapter = {7},
    citeulike-article-id = {812751},
    editor = {Muchnick, Steven S. and Jones, Neil D.},
    keywords = {context-sensitivity, static-analysis},
    pages = {189--234},
    posted-at = {2009-12-09 20:46:40},
    priority = {2},
    publisher = {Prentice-Hall},
    title = {{Two approaches to interprocedural data flow analysis}},
    year = {1981}
}


%% solver
@article{Gawlitza:2011:SSR:1961204.1961207,
 author = {Gawlitza, Thomas Martin and Seidl, Helmut},
 title = {Solving systems of rational equations through strategy iteration},
 journal = {ACM Trans. Program. Lang. Syst.},
 issue_date = {April 2011},
 volume = {33},
 issue = {3},
 month = {May},
 year = {2011},
 issn = {0164-0925},
 pages = {11:1--11:48},
 articleno = {11},
 numpages = {48},
 url = {http://doi.acm.org/10.1145/1961204.1961207},
 doi = {http://doi.acm.org/10.1145/1961204.1961207},
 acmid = {1961207},
 publisher = {ACM},
 address = {New York, NY, USA},
 keywords = {Static program analysis, abstract interpretation, fixpoint equation systems, recursive stochastic games, strategy improvement algorithms},
} 

% andere papers von Martin


%% floats
@article{Goldberg:1991:CSK:103162.103163,
 author = {Goldberg, David},
 title = {What every computer scientist should know about floating-point arithmetic},
 journal = {ACM Comput. Surv.},
 volume = {23},
 issue = {1},
 month = {March},
 year = {1991},
 issn = {0360-0300},
 pages = {5--48},
 numpages = {44},
 url = {http://doi.acm.org/10.1145/103162.103163},
 doi = {http://doi.acm.org/10.1145/103162.103163},
 acmid = {103163},
 publisher = {ACM},
 address = {New York, NY, USA},
 keywords = {NaN, denormalized number, exception, floating-point, floating-point standard, gradual underflow, guard digit, overflow, relative error, rounding error, rounding mode, ulp, underflow},
}

@book{huckle2006numerische,
  title={Numerische Methoden: Eine Einf{\"u}hrung f{\"u}r Informatiker, Naturwissenschaftler, Ingenieure und Mathematiker},
  author={Huckle, T. and Schneider, S.},
  isbn={9783540303169},
  series={EXamen. press Series},
  url={http://books.google.com/books?id=0b-tK2TaX74C},
  year={2006},
  publisher={Springer}
}

@book{muller2009handbook,
  title={Handbook of Floating-Point Arithmetic},
  author={Muller, J.M. and Brisebarre, N. and Dinechin, F. and Jeannerod, C.P. and Vincent, L. and Melquiond, G.},
  isbn={9780817647049},
  lccn={2009939668},
  url={http://books.google.com/books?id=VDJVFM8WyzsC},
  year={2009},
  publisher={Birkh{\"a}user}
}

@book{overton2001numerical,
  title={Numerical Computing with IEEE Floating Point Arithmetic},
  author={Overton, M.L.},
  isbn={9780898715712},
  url={http://books.google.com/books?id=NweiDhCjZSwC},
  year={2001},
  publisher={Society for Industrial and Applied Mathematics}
}


% IEEE Spec.
@techreport{ieee,
    address = {3 Park Avenue, New York, NY 10016-5997, USA},
    booktitle = {IEEE Std 754-2008},
    day = {29},
    doi = {10.1109/IEEESTD.2008.4610935},
    institution = {Microprocessor Standards Committee of the IEEE Computer Society},
    isbn = {978-0-7381-5752-8},
    journal = {IEEE Std 754-2008},
    keywords = {ch3, gpgpu},
    month = aug,
    organization = {Microprocessor Standards Committee of the IEEE Computer Society},
    pages = {1--58},
    posted-at = {2009-08-01 03:34:26},
    priority = {2},
    publisher = {The Institute of Electrical and Electronics Engineers, Inc.},
    title = {{IEEE Standard for Floating-Point Arithmetic}},
    url = {http://dx.doi.org/10.1109/IEEESTD.2008.4610935},
    year = {2008}
}


%% analysis
@book{Khedker,
 author = {Khedker, Uday and Sanyal, Amitabha and Karkare, Bageshri},
 title = {Data Flow Analysis: Theory and Practice},
 year = {2009},
 isbn = {0849328802, 9780849328800},
 edition = {1st},
 publisher = {CRC Press, Inc.},
 address = {Boca Raton, FL, USA},
}

@article{Cousot:1996:AI:234528.234740,
 author = {Cousot, Patrick},
 title = {Abstract interpretation},
 journal = {ACM Comput. Surv.},
 volume = {28},
 issue = {2},
 month = {June},
 year = {1996},
 issn = {0360-0300},
 pages = {324--328},
 numpages = {5},
 url = {http://doi.acm.org/10.1145/234528.234740},
 doi = {http://doi.acm.org/10.1145/234528.234740},
 acmid = {234740},
 publisher = {ACM},
 address = {New York, NY, USA},
}

@inproceedings{Cousot:1977:AIU:512950.512973,
 author = {Cousot, Patrick and Cousot, Radhia},
 title = {Abstract interpretation: a unified lattice model for static analysis of programs by construction or approximation of fixpoints},
 booktitle = {Proceedings of the 4th ACM SIGACT-SIGPLAN symposium on Principles of programming languages},
 series = {POPL '77},
 year = {1977},
 location = {Los Angeles, California},
 pages = {238--252},
 numpages = {15},
 url = {http://doi.acm.org/10.1145/512950.512973},
 doi = {http://doi.acm.org/10.1145/512950.512973},
 acmid = {512973},
 publisher = {ACM},
 address = {New York, NY, USA},
}


%% analysis - google books
@book{nielson1999principles,
  title={Principles of program analysis},
  author={Nielson, F. and Nielson, H.R. and Hankin, C.},
  isbn={9783540654100},
  lccn={99047677},
  url={http://books.google.de/books?id=RLjt0xSj8DcC},
  year={1999},
  publisher={Springer}
}

@book{cousot1993static,
  title={Static analysis: third international workshop, WSA '93, Padova, Italy, September 1993 : proceedings},
  author={Cousot, P.},
  isbn={9783540572640},
  lccn={lc93023377},
  series={Lecture notes in computer science},
  url={http://books.google.com/books?id=aEY4mkq3JXwC},
  year={1993},
  publisher={Springer-Verlag}
}

@book{reps2007program,
  title={Program analysis and compilation, theory and practice: essays dedicated to Reinhard Wilhelm on the occasion of his 60th birthday},
  author={Reps, T.W. and Sagiv, M. and Bauer, J.},
  isbn={9783540713159},
  lccn={2007922986},
  series={Lecture notes in computer science: Festschrift},
  url={http://books.google.de/books?id=xIOIs\_7GCB8C},
  year={2007},
  publisher={Springer}
}

@book{seidl2009uebersetzerbau,
  title={Übersetzerbau 3: Analyse und Transformation},
  author={Seidl, H. and Wilhelm, R. and Hack, S.},
  isbn={9783642033292},
  series={Übersetzerbau},
  url={http://books.google.com/books?id=c88JBQDh4PcC},
  year={2009},
  publisher={Springer}
}